@online{FidusWriter,
url = {https://openglam.org/principles/},
title = {OpenGLAM Principles}
}